@article{SparSpan21,
  title={Nonparametric Machine Learning and Efficient Computation with Bayesian Additive Regression Trees: the \pkg{BART} \proglang{R} Package},
  author={Sparapani, R and Spanbauer, C and McCulloch, R},
  journal={Journal of Statistical Software},
  volume={97},
  number={1},
  pages = {1-66},
  year={2021},
  doi={10.18637/jss.v097.i01}
}
